@misc{Lin2014,
    title={Microsoft {COCO}: {C}ommon {O}bjects in {C}ontext},
    author={Lin, Tsung-Yi and Maire, Michael and Belongie, Serge and Bourdev, Lubomir and Girshick, Ross and Hays, James and Perona, Pietro and Ramanan, Deva and Zitnick C., Lawrence and Doll\'{a}r, Poitr},
    year={2014},
    eprint={1405.0312},
    archivePrefix={arXiv},
    primaryClass={cs.CV}
}

@misc{Szeliski,
    author = "Szeliski, Richard",
    title = "Computer {V}ision: {A}lgorithms and {A}pplications, 2nd ed.",
    url = "http://szeliski.org/Book/",
    year= {2020}
}

@article{canny,
    author =       "Canny, John",
    title =        "A computational approach to edge detection",
    journal =      "IEEE Transactions on Pattern Analysis and Machine Intelligence,",
    volume =       "PAMI-8",
    number =       "6",
    pages =        "679--698",
    year =         {1986}
}

@misc{opencvt,
    author = "OpenCV Team",
    title = "Image Processing in {O}pen{CV}",
    howpublished = {\url{https://docs.opencv.org/3.4.2/d2/d96/tutorial\_py\_table\_of\_contents\_imgproc.html}},
    year= "2018"
}

@article{Matas,
    author = "Matas, Jiri and Galambos, Charles and Kittler, Josef",
    title =        "Robust detection of lines using the progressive probabilistic hough transform",
    journal =      "Computer Vision and Image Understanding,",
    volume =       "78",
    number =       "1",
    pages =        "119--137",
    year =         "2000"
}
@misc{glasgio,
  author = {Glasgio},
  title = {Homomorphic Filter},
  year = {},
  publisher = {GitHub},
  journal = {GitHub repository},
  howpublished = {\url{https://github.com/glasgio/homomorphic-filter}}
}

@article{opencv_library,
    author = {Bradski, G.},
    citeulike-article-id = {2236121},
    journal = {Dr. Dobb's Journal of Software Tools,},
    keywords = {bibtex-import},
    posted-at = {2008-01-15 19:21:54},
    priority = {4},
    title = {{The OpenCV Library}},
    year = {2000}
}

@article{scikit-learn,
 title={Scikit-learn: Machine Learning in {P}ython},
 author={Pedregosa, F. and Varoquaux, G. and Gramfort, A. and Michel, V.
         and Thirion, B. and Grisel, O. and Blondel, M. and Prettenhofer, P.
         and Weiss, R. and Dubourg, V. and Vanderplas, J. and Passos, A. and
         Cournapeau, D. and Brucher, M. and Perrot, M. and Duchesnay, E.},
 journal={Journal of Machine Learning Research},
 volume={12},
 pages={2825--2830},
 year={2011}
}

@misc{clark2015pillow,
  title={Pillow {(PIL Fork)} {D}ocumentation},
  author={Clark, Alex},
  year={2015},
  publisher={readthedocs},
 url={https://buildmedia.readthedocs.org/media/pdf/pillow/latest/pillow.pdf}
}